@article{sauter2010cross,
  title={Cross-cultural recognition of basic emotions through nonverbal emotional vocalizations},
  author={Sauter, Disa A and Eisner, Frank and Ekman, Paul and Scott, Sophie K},
  journal={Proceedings of the National Academy of Sciences},
  volume={107},
  number={6},
  pages={2408--2412},
  year={2010},
  publisher={National Academy of Sciences}
}

@article{scott2014social,
  title={The social life of laughter},
  author={Scott, Sophie K and Lavan, Nadine and Chen, Sinead and McGettigan, Carolyn},
  journal={Trends in cognitive sciences},
  volume={18},
  number={12},
  pages={618--620},
  year={2014},
  publisher={Elsevier}
}

@article{provine1989laughing,
  title={Laughing, smiling, and talking: Relation to sleeping and social context in humans},
  author={Provine, Robert R and Fischer, Kenneth R},
  journal={Ethology},
  volume={83},
  number={4},
  pages={295--305},
  year={1989},
  publisher={Wiley Online Library}
}

@article{smoski2003antiphonal,
  title={Antiphonal laughter between friends and strangers},
  author={Smoski, Moria and Bachorowski, Jo-Anne},
  journal={Cognition and Emotion},
  volume={17},
  number={2},
  pages={327--340},
  year={2003},
  publisher={Taylor \& Francis}
}

@article{anwyl2020gorilla,
  title={Gorilla in our midst: An online behavioral experiment builder},
  author={Anwyl-Irvine, Alexander L and Massonni{\'e}, Jessica and Flitton, Adam and Kirkham, Natasha and Evershed, Jo K},
  journal={Behavior research methods},
  volume={52},
  number={1},
  pages={388--407},
  year={2020},
  publisher={Springer}
}